<record><leader>00000cas a22000007a 4500</leader><controlfield tag="001">17591627</controlfield><controlfield tag="008">880307d18821892iauwr ne      0    0eng d</controlfield><datafield ind1=" " ind2=" " tag="010"><subfield code="a">sn 88059509 </subfield></datafield><datafield ind1=" " ind2=" " tag="040"><subfield code="a">INP</subfield><subfield code="b">eng</subfield><subfield code="c">INP</subfield><subfield code="d">OCLCQ</subfield></datafield><datafield ind1=" " ind2=" " tag="042"><subfield code="a">msc</subfield></datafield><datafield ind1="0" ind2="0" tag="245"><subfield code="a">La Porte City review.</subfield></datafield><datafield ind1="1" ind2="3" tag="246"><subfield code="a">Local review</subfield></datafield><datafield ind1=" " ind2=" " tag="260"><subfield code="a">La Porte City, Iowa :</subfield><subfield code="b">Wagoner &amp; Mehler,</subfield><subfield code="c">1882-</subfield></datafield><datafield ind1=" " ind2=" " tag="300"><subfield code="a">v.</subfield></datafield><datafield ind1=" " ind2=" " tag="310"><subfield code="a">Weekly</subfield></datafield><datafield ind1="0" ind2=" " tag="362"><subfield code="a">Vol. 4, no. 25 (Nov. 16, 1882)-</subfield></datafield><datafield ind1="1" ind2=" " tag="362"><subfield code="a">Ceased in 1892.</subfield></datafield><datafield ind1=" " ind2=" " tag="500"><subfield code="a">Publisher varies.</subfield></datafield><datafield ind1=" " ind2=" " tag="515"><subfield code="a">Issue for Jan. 7, 1886 misdated Jan. 7, 1885.</subfield></datafield><datafield ind1=" " ind2=" " tag="752"><subfield code="a">United States</subfield><subfield code="b">Iowa</subfield><subfield code="c">Black Hawk</subfield><subfield code="d">La Porte City.</subfield></datafield><datafield ind1="0" ind2="0" tag="780"><subfield code="t">Local review</subfield></datafield><datafield ind1="0" ind2="7" tag="785"><subfield code="t">Porte City progress</subfield><subfield code="w">(DLC)sn 84027191</subfield></datafield><datafield ind1="0" ind2="7" tag="785"><subfield code="t">Porte City register</subfield><subfield code="w">(DLC)sn 88059508</subfield></datafield></record>